<?xml version = "1.0" encoding = "UTF-8"?><OAI-PMH xmlns="http://www.openarchives.org/OAI/2.0/" xmlns:xsi="http://www.w3.org/2001/XMLSchema-instance" xsi:schemaLocation="http://www.openarchives.org/OAI/2.0/ http://www.openarchives.org/OAI/2.0/OAI-PMH.xsd"><ListRecords><record><header><identifier>aleph-publish:013604166</identifier></header><metadata><record xmlns="http://www.ddb.de/professionell/mabxml/mabxml-1.xsd"><leader>00000nM2.01200024------h</leader><controlfield tag="LDR">00000nM2.01200024------h</controlfield><controlfield tag="FMT">MH</controlfield><datafield tag="001" ind1="-" ind2="1"><subfield code="a">HT014388022</subfield></datafield><datafield tag="002" ind1="a" ind2="1"><subfield code="a">20050527</subfield></datafield><datafield tag="003" ind1="-" ind2="1"><subfield code="a">20210812131257</subfield></datafield><datafield tag="020" ind1="a" ind2="1"><subfield code="a">2189310-X</subfield><subfield code="b">DNB</subfield></datafield><datafield tag="025" ind1="a" ind2="1"><subfield code="a">027510077</subfield></datafield><datafield tag="025" ind1="z" ind2="1"><subfield code="a">2189310-X</subfield></datafield><datafield tag="025" ind1="o" ind2="1"><subfield code="a">724776703</subfield></datafield><datafield tag="026" ind1="-" ind2="1"><subfield code="a">ZDB2189310-X</subfield></datafield><controlfield tag="030">a||u|||||||37</controlfield><datafield tag="036" ind1="a" ind2="1"><subfield code="a">XA-DE</subfield></datafield><datafield tag="037" ind1="b" ind2="1"><subfield code="a">ger</subfield></datafield><controlfield tag="050">a|a|||||||||||</controlfield><controlfield tag="052">z||||||tw||||||</controlfield><datafield tag="060" ind1="-" ind2="1"><subfield code="b">txt</subfield><subfield code="a">Text</subfield></datafield><datafield tag="061" ind1="-" ind2="1"><subfield code="b">n</subfield><subfield code="a">ohne Hilfsmittel zu benutzen</subfield></datafield><datafield tag="062" ind1="-" ind2="1"><subfield code="b">nc</subfield><subfield code="a">Band</subfield></datafield><datafield tag="064" ind1="a" ind2="1"><subfield code="a">Zeitung</subfield><subfield code="9">(DE-588)4067510-5</subfield></datafield><datafield tag="064" ind1="a" ind2="1"><subfield code="a">Regionalzeitung</subfield><subfield code="9">(DE-588)4177435-8</subfield></datafield><datafield tag="070" ind1="-" ind2="1"><subfield code="a">0929</subfield></datafield><datafield tag="070" ind1="a" ind2="1"><subfield code="a">DNB</subfield></datafield><datafield tag="070" ind1="b" ind2="1"><subfield code="a">9001</subfield></datafield><datafield tag="076" ind1="c" ind2="1"><subfield code="a">rp</subfield></datafield><datafield tag="085" ind1="x" ind2="1"><subfield code="a">Vallendar</subfield><subfield code="d">Heimatzeitung für die Verbandsgemeinde Vallendar</subfield></datafield><datafield tag="200" ind1="b" ind2="1"><subfield code="g">Vallendar</subfield><subfield code="4">isb</subfield><subfield code="3">Herausgebendes Organ</subfield><subfield code="9">(DE-588)4062311-7</subfield></datafield><datafield tag="331" ind1="-" ind2="1"><subfield code="a">Blick aktuell</subfield></datafield><datafield tag="335" ind1="-" ind2="1"><subfield code="a">die Heimatzeitung</subfield></datafield><datafield tag="360" ind1="-" ind2="1"><subfield code="a">Vallendar : Heimatzeitung für die Verbandsgemeinde Vallendar</subfield></datafield><datafield tag="370" ind1="a" ind2="1"><subfield code="a">Blick aktuell / Vallendar</subfield></datafield><datafield tag="370" ind1="a" ind2="1"><subfield code="a">&lt;&lt;Die&gt;&gt; Heimatzeitung</subfield></datafield><datafield tag="370" ind1="a" ind2="1"><subfield code="a">Heimatzeitung für die Verbandsgemeinde Vallendar</subfield></datafield><datafield tag="405" ind1="-" ind2="1"><subfield code="a">2005,1/20 - 2007,13</subfield></datafield><datafield tag="406" ind1="a" ind2="1"><subfield code="j">2005</subfield><subfield code="o">13</subfield><subfield code="k">2007</subfield></datafield><datafield tag="419" ind1="-" ind2="1"><subfield code="a">Sinzig</subfield><subfield code="b">Krupp</subfield><subfield code="c">2005-2007</subfield><subfield code="A">3</subfield></datafield><datafield tag="425" ind1="b" ind2="1"><subfield code="a">2005</subfield></datafield><datafield tag="425" ind1="c" ind2="1"><subfield code="a">2007</subfield></datafield><datafield tag="435" ind1="-" ind2="1"><subfield code="a">30 cm</subfield></datafield><datafield tag="523" ind1="-" ind2="1"><subfield code="a">Periodizität: wöchentl.</subfield></datafield><datafield tag="537" ind1="-" ind2="1"><subfield code="a">(üa/Z) 929!(18-11-09)</subfield></datafield><datafield tag="574" ind1="-" ind2="1"><subfield code="a">06,A47,0075</subfield></datafield><datafield tag="583" ind1="-" ind2="1"><subfield code="a">Archivierung/Langzeitarchivierung gewährleistet</subfield><subfield code="f">PERP</subfield><subfield code="5">DE-929</subfield><subfield code="2">pdager</subfield></datafield><datafield tag="676" ind1="-" ind2="1"><subfield code="g">Vallendar</subfield><subfield code="4">dbp</subfield><subfield code="3">Vertriebsort</subfield><subfield code="9">(DE-588)4062311-7</subfield></datafield><datafield tag="700" ind1="-" ind2="1"><subfield code="a">050</subfield><subfield code="2">DNB</subfield></datafield><datafield tag="700" ind1="-" ind2="1"><subfield code="a">914.3</subfield><subfield code="2">ZDB</subfield></datafield><datafield tag="700" ind1="-" ind2="1"><subfield code="a">943</subfield><subfield code="2">ZDB</subfield></datafield><datafield tag="700" ind1="l" ind2="1"><subfield code="a">620 ; 130 ; 140</subfield></datafield><datafield tag="770" ind1="-" ind2="1"><subfield code="i">Beil.:</subfield><subfield code="t">Regio-Journal / Region Rhein und Wied. Region Rhein und Wied</subfield><subfield code="d">Sinzig : Krupp, 2006-2006</subfield><subfield code="9">HT014878025</subfield></datafield><datafield tag="785" ind1="-" ind2="1"><subfield code="i">Forts.:</subfield><subfield code="a">Verbandsgemeinde Vallendar</subfield><subfield code="t">Blick aktuell / Verbandsgemeinde Vallendar. Verbandsgemeinde Vallendar</subfield><subfield code="d">Sinzig : Krupp, 2007-2014</subfield><subfield code="A">0</subfield><subfield code="9">HT016138750</subfield></datafield><controlfield tag="SYS">013604166</controlfield><datafield tag="LOW" ind1="-" ind2="1"><subfield code="a">R0001</subfield></datafield><datafield tag="088" ind1=" " ind2=" "><subfield code="a">929</subfield><subfield code="c">ZA 4343</subfield><subfield code="d">2005,1/20 - 2007,13</subfield></datafield><datafield tag="200" ind1=" " ind2="9"><subfield code="0">1</subfield><subfield code="b">2005,1/20 - 2007,13</subfield><subfield code="f">ZA 4343</subfield><subfield code="2">R0001</subfield></datafield></record></metadata></record></ListRecords></OAI-PMH>